<?xml version="1.0" encoding="UTF-8"?><collection xmlns="http://www.loc.gov/MARC21/slim"><record><leader>00518nam--2200157-i-4500</leader><controlfield tag="001">000045403</controlfield><controlfield tag="002">20161230</controlfield><controlfield tag="005">20161230201045</controlfield><controlfield tag="008">060222s1000------------r-----000-0-eng-d</controlfield><datafield ind1=" " ind2=" " tag="080"><subfield code="a">513</subfield></datafield><datafield ind1=" " ind2=" " tag="100"><subfield code="a">Toth, Fejes L</subfield></datafield><datafield ind1=" " ind2=" " tag="245"><subfield code="a">Lagerungen in der ebene auf der kugel und im raum., zweite verbesserte und erweiterte auflage. mit 138 abbildungen</subfield></datafield><datafield ind1=" " ind2=" " tag="260"><subfield code="a">Berlin, Springer-verlag, 1972, Xi + 238p</subfield></datafield><datafield ind1=" " ind2=" " tag="490"><subfield code="a">Die Grundlehren Der Mathematischen Wissenschaften</subfield></datafield><datafield ind1=" " ind2=" " tag="852"><subfield code="a">36141</subfield><subfield code="c">513</subfield></datafield><datafield ind1=" " ind2=" " tag="CAT"><subfield code="a">Sys</subfield><subfield code="c">20080527</subfield><subfield code="h">114147</subfield></datafield></record></collection>